@PHDTHESIS{kuper15,
  author = {Lindsey Kuper},
  title  = {Lattice-based Data Structures for Deterministic Parallel and Distributed Programming},
  school = {Indiana University},
  year   = 2015,
  month  = sep,
}